<?xml version="1.0" encoding="UTF-8"?><record xmlns="http://www.loc.gov/MARC21/slim" xmlns:cinclude="http://apache.org/cocoon/include/1.0" xmlns:zs="http://www.loc.gov/zing/srw/">
  <leader>00484nz  a2200121n  4500</leader>
  <controlfield tag="001">n 2013036077</controlfield>
  <controlfield tag="003">DLC</controlfield>
  <controlfield tag="005">20130620170530.0</controlfield>
  <controlfield tag="008">130620n| azannaabn          |n ana      </controlfield>
  <datafield tag="010" ind1=" " ind2=" ">
    <subfield code="a">n 2013036077</subfield>
  </datafield>
  <datafield tag="040" ind1=" " ind2=" ">
    <subfield code="a">DLC</subfield>
    <subfield code="b">eng</subfield>
    <subfield code="e">rda</subfield>
    <subfield code="c">DLC</subfield>
  </datafield>
  <datafield tag="110" ind1="2" ind2=" ">
    <subfield code="a">Ensiferum (Musical group)</subfield>
  </datafield>
  <datafield tag="670" ind1=" " ind2=" ">
    <subfield code="a">From afar, p2009:</subfield>
    <subfield code="b">label (Ensiferum) insert (Markus Toivonen, guitars, banjo, vocals ; Sami Hinkka, bass, vocals ; Petri Lindroos, guitars, vocals ; Emmi Silvennoinen, keyboards, vocals ; Janne Parviainen, drums)</subfield>
  </datafield>
</record>